@inproceedings{10.1145/1806596.1806630, 
author = {Gulwani, Sumit and Zuleger, Florian}, 
title = {The Reachability-Bound Problem}, 
year = {2010}, 
isbn = {9781450300193}, 
publisher = {Association for Computing Machinery}, address = {New York, NY, USA}, 
url = {https://doi.org/10.1145/1806596.1806630}, 
doi = {10.1145/1806596.1806630}, 
booktitle = {Proceedings of the 31st ACM SIGPLAN Conference on Programming Language Design and Implementation}, pages = {292â€“304}, numpages = {13}, keywords = {resource bound analysis, transitive closure, disjunctive invariants, ranking functions, pattern matching}, location = {Toronto, Ontario, Canada}, series = {PLDI '10} }

@inproceedings{dwork2015preserving,
  title={Preserving statistical validity in adaptive data analysis},
  author={Dwork, Cynthia and Feldman, Vitaly and Hardt, Moritz and Pitassi, Toniann and Reingold, Omer and Roth, Aaron Leon},
  booktitle={Proceedings of the forty-seventh annual ACM symposium on Theory of computing},
  pages={117--126},
  year={2015}
}

@article{sinha2001interprocedural,
  title={Interprocedural control dependence},
  author={Sinha, Saurabh and Harrold, Mary Jean and Rothermel, Gregg},
  journal={ACM Transactions on Software Engineering and Methodology (TOSEM)},
  volume={10},
  number={2},
  pages={209--254},
  year={2001},
  publisher={ACM New York, NY, USA}
}

@inproceedings{austin1992dynamic,
  title={Dynamic dependency analysis of ordinary programs},
  author={Austin, Todd M and Sohi, Gurindar S},
  booktitle={Proceedings of the 19th annual international symposium on Computer architecture},
  pages={342--351},
  year={1992}
}


@article{nagar2018automated,
  title={Automated detection of serializability violations under weak consistency},
  author={Nagar, Kartik and Jagannathan, Suresh},
  journal={arXiv preprint arXiv:1806.08416},
  year={2018}
}


@inproceedings{hammer2006dynamic,
  title={Dynamic path conditions in dependence graphs},
  author={Hammer, Christian and Grimme, Martin and Krinke, Jens},
  booktitle={Proceedings of the 2006 ACM SIGPLAN symposium on Partial evaluation and semantics-based program manipulation},
  pages={58--67},
  year={2006}
}


@inproceedings{arlt2012lightweight,
  title={Lightweight static analysis for GUI testing},
  author={Arlt, Stephan and Podelski, Andreas and Bertolini, Cristiano and Sch{\"a}f, Martin and Banerjee, Ishan and Memon, Atif M},
  booktitle={2012 IEEE 23rd International Symposium on Software Reliability Engineering},
  pages={301--310},
  year={2012},
  organization={IEEE}
}


@inproceedings{mastroeni2008data,
  title={Data dependencies and program slicing: from syntax to abstract semantics},
  author={Mastroeni, Isabella and Zanardini, Damiano},
  booktitle={Proceedings of the 2008 ACM SIGPLAN symposium on Partial evaluation and semantics-based program manipulation},
  pages={125--134},
  year={2008}
}


@inproceedings{baxter1989program,
  title={The program dependence graph and vectorization},
  author={Baxter, William and Bauer III, Henry R},
  booktitle={Proceedings of the 16th ACM SIGPLAN-SIGACT symposium on Principles of programming languages},
  pages={1--11},
  year={1989}
}



%%% History of the Program flow Graph

@inproceedings{dennis1974preliminary,
  title={A preliminary architecture for a basic data-flow processor},
  author={Dennis, Jack B and Misunas, David P},
  booktitle={Proceedings of the 2nd annual symposium on Computer architecture},
  pages={126--132},
  year={1974}
}


@article{dennis1980data,
  title={Data flow supercomputers.},
  author={Dennis, Jack B},
  journal={IEEE computer},
  volume={13},
  number={11},
  pages={48--56},
  year={1980}
}



@article{davis1982data,
  title={Data flow program graphs},
  author={Davis, Alan L and Keller, Robert M},
  year={1982}
}



@article{treleaven1982combining,
  title={Combining data flow and control flow computing},
  author={Treleaven, Philip C. and Hopkins, Richard P. and Rautenbach, Paul W.},
  journal={The Computer Journal},
  volume={25},
  number={2},
  pages={207--217},
  year={1982},
  publisher={Oxford University Press}
}


@phdthesis{towle1976control, 
author = {Towle, Ross Albert}, 
title = {Control and Data Dependence for Program Transformations.}, 
year = {1976}, 
publisher = {University of Illinois at Urbana-Champaign},
address = {USA}, note = {AAI7624191} 
}


@article{kuck1972number,
  title={On the number of operations simultaneously executable in Fortran-like programs and their resulting speedup},
  author={Kuck, David J and Muraoka, Yoichi and Chen, Shyh-Ching},
  journal={IEEE Transactions on Computers},
  volume={100},
  number={12},
  pages={1293--1310},
  year={1972},
  publisher={IEEE}
}



@inproceedings{kuck1981dependence,
  title={Dependence graphs and compiler optimizations},
  author={Kuck, David J and Kuhn, Robert H and Padua, David A and Leasure, Bruce and Wolfe, Michael},
  booktitle={Proceedings of the 8th ACM SIGPLAN-SIGACT Symposium on Principles of Programming Languages},
  pages={207--218},
  year={1981}
}


@inproceedings{ferrante1983program,
  title={A program form based on data dependency in predicate regions},
  author={Ferrante, Jeanne and Ottenstein, Karl J},
  booktitle={Proceedings of the 10th ACM SIGACT-SIGPLAN symposium on Principles of programming languages},
  pages={217--236},
  year={1983}
}


@article{ferrante1987program,
  title={The program dependence graph and its use in optimization},
  author={Ferrante, Jeanne and Ottenstein, Karl J and Warren, Joe D},
  journal={ACM Transactions on Programming Languages and Systems (TOPLAS)},
  volume={9},
  number={3},
  pages={319--349},
  year={1987},
  publisher={ACM New York, NY, USA}
}


@inproceedings{ferrante1985linearizing,
  title={On linearizing parallel code},
  author={Ferrante, Jeanne and Mace, Mary},
  booktitle={Proceedings of the 12th ACM SIGACT-SIGPLAN symposium on Principles of programming languages},
  pages={179--190},
  year={1985}
}


@article{ottenstein1984program,
  title={The program dependence graph in a software development environment},
  author={Ottenstein, Karl J and Ottenstein, Linda M},
  journal={ACM Sigplan Notices},
  volume={19},
  number={5},
  pages={177--184},
  year={1984},
  publisher={ACM New York, NY, USA}
}

@article{ferrante1987program,
  title={The program dependence graph and its use in optimization},
  author={Ferrante, Jeanne and Ottenstein, Karl J and Warren, Joe D},
  journal={ACM Transactions on Programming Languages and Systems (TOPLAS)},
  volume={9},
  number={3},
  pages={319--349},
  year={1987},
  publisher={ACM New York, NY, USA}
}


@article{allen1987automatic,
  title={Automatic translation of Fortran programs to vector form},
  author={Allen, Randy and Kennedy, Ken},
  journal={ACM Transactions on Programming Languages and Systems (TOPLAS)},
  volume={9},
  number={4},
  pages={491--542},
  year={1987},
  publisher={ACM New York, NY, USA}
}


@phdthesis{allen1983dependence,
  title={Dependence analysis for subscripted variables and its application to program transformations},
  author={Allen, John Randal},
  year={1983}
}


@article{scarborough1986vectorizing,
  title={A vectorizing Fortran compiler},
  author={Scarborough, Randolph G and Kolsky, Harwood G},
  journal={IBM Journal of Research and Development},
  volume={30},
  number={2},
  pages={163--171},
  year={1986},
  publisher={IBM}
}



@inproceedings{vekris2016refinement,
  title={Refinement types for TypeScript},
  author={Vekris, Panagiotis and Cosman, Benjamin and Jhala, Ranjit},
  booktitle={Proceedings of the 37th ACM SIGPLAN Conference on Programming Language Design and Implementation},
  pages={310--325},
  year={2016}
}


@inproceedings{cousot2019abstract,
  title={Abstract semantic dependency},
  author={Cousot, Patrick},
  booktitle={International Static Analysis Symposium},
  pages={389--410},
  year={2019},
  organization={Springer}
}


@inproceedings{Sumit2010rechability,
  author    = {Sumit Gulwani and
               Florian Zuleger},
  editor    = {Benjamin G. Zorn and
               Alexander Aiken},
  title     = {The reachability-bound problem},
  booktitle = {Proceedings of the 2010 {ACM} {SIGPLAN} Conference on Programming
               Language Design and Implementation, {PLDI} 2010, Toronto, Ontario,
               Canada, June 5-10, 2010},
  pages     = {292--304},
  publisher = {{ACM}},
  year      = {2010},
  url       = {https://doi.org/10.1145/1806596.1806630},
  doi       = {10.1145/1806596.1806630},
  timestamp = {Tue, 22 Jun 2021 17:10:56 +0200},
  biburl    = {https://dblp.org/rec/conf/pldi/GulwaniZ10.bib},
  bibsource = {dblp computer science bibliography, https://dblp.org}
}



@article{sinn2017complexity,
  title={Complexity and resource bound analysis of imperative programs using difference constraints},
  author={Sinn, Moritz and Zuleger, Florian and Veith, Helmut},
  journal={Journal of automated reasoning},
  volume={59},
  number={1},
  pages={3--45},
  year={2017},
  publisher={Springer}
}

@inproceedings{GulwaniJK09,
  author    = {Sumit Gulwani and
               Sagar Jain and
               Eric Koskinen},
  editor    = {Michael Hind and
               Amer Diwan},
  title     = {Control-flow refinement and progress invariants for bound analysis},
  booktitle = {Proceedings of the 2009 {ACM} {SIGPLAN} Conference on Programming
               Language Design and Implementation, {PLDI} 2009, Dublin, Ireland,
               June 15-21, 2009},
  pages     = {375--385},
  publisher = {{ACM}},
  year      = {2009},
  url       = {https://doi.org/10.1145/1542476.1542518},
  doi       = {10.1145/1542476.1542518},
  timestamp = {Fri, 25 Jun 2021 14:48:54 +0200},
  biburl    = {https://dblp.org/rec/conf/pldi/GulwaniJK09.bib},
  bibsource = {dblp computer science bibliography, https://dblp.org}
}
@inproceedings{SinnZV14,
  author    = {Moritz Sinn and
               Florian Zuleger and
               Helmut Veith},
  editor    = {Armin Biere and
               Roderick Bloem},
  title     = {A Simple and Scalable Static Analysis for Bound Analysis and Amortized
               Complexity Analysis},
  booktitle = {Computer Aided Verification - 26th International Conference, {CAV}
               2014, Held as Part of the Vienna Summer of Logic, {VSL} 2014, Vienna,
               Austria, July 18-22, 2014. Proceedings},
  series    = {Lecture Notes in Computer Science},
  volume    = {8559},
  pages     = {745--761},
  publisher = {Springer},
  year      = {2014},
  url       = {https://doi.org/10.1007/978-3-319-08867-9\_50},
  doi       = {10.1007/978-3-319-08867-9\_50},
  timestamp = {Mon, 03 Jan 2022 22:13:44 +0100},
  biburl    = {https://dblp.org/rec/conf/cav/SinnZV14.bib},
  bibsource = {dblp computer science bibliography, https://dblp.org}
}

@inproceedings{ZulegerGSV11,
  author    = {Florian Zuleger and
               Sumit Gulwani and
               Moritz Sinn and
               Helmut Veith},
  editor    = {Eran Yahav},
  title     = {Bound Analysis of Imperative Programs with the Size-Change Abstraction},
  booktitle = {Static Analysis - 18th International Symposium, {SAS} 2011, Venice,
               Italy, September 14-16, 2011. Proceedings},
  series    = {Lecture Notes in Computer Science},
  volume    = {6887},
  pages     = {280--297},
  publisher = {Springer},
  year      = {2011},
  url       = {https://doi.org/10.1007/978-3-642-23702-7\_22},
  doi       = {10.1007/978-3-642-23702-7\_22},
  timestamp = {Tue, 14 May 2019 10:00:52 +0200},
  biburl    = {https://dblp.org/rec/conf/sas/ZulegerGSV11.bib},
  bibsource = {dblp computer science bibliography, https://dblp.org}
}

@inproceedings{LuCT21,
  author    = {Tianhan Lu and
               Bor{-}Yuh Evan Chang and
               Ashutosh Trivedi},
  editor    = {Cezara Dragoi and
               Suvam Mukherjee and
               Kedar S. Namjoshi},
  title     = {Selectively-Amortized Resource Bounding},
  booktitle = {Static Analysis - 28th International Symposium, {SAS} 2021, Chicago,
               IL, USA, October 17-19, 2021, Proceedings},
  series    = {Lecture Notes in Computer Science},
  volume    = {12913},
  pages     = {286--307},
  publisher = {Springer},
  year      = {2021},
  url       = {https://doi.org/10.1007/978-3-030-88806-0\_14},
  doi       = {10.1007/978-3-030-88806-0\_14},
  timestamp = {Mon, 18 Oct 2021 08:49:55 +0200},
  biburl    = {https://dblp.org/rec/conf/sas/LuCT21.bib},
  bibsource = {dblp computer science bibliography, https://dblp.org}
}

@article{KincaidBCR19,
  author    = {Zachary Kincaid and
               Jason Breck and
               John Cyphert and
               Thomas W. Reps},
  title     = {Closed forms for numerical loops},
  journal   = {Proc. {ACM} Program. Lang.},
  volume    = {3},
  number    = {{POPL}},
  pages     = {55:1--55:29},
  year      = {2019},
  url       = {https://doi.org/10.1145/3290368},
  doi       = {10.1145/3290368},
  timestamp = {Wed, 17 Feb 2021 08:54:11 +0100},
  biburl    = {https://dblp.org/rec/journals/pacmpl/KincaidBCR19.bib},
  bibsource = {dblp computer science bibliography, https://dblp.org}
}

@inproceedings{Flores-Montoya16,
  author    = {Antonio Flores{-}Montoya},
  editor    = {John S. Fitzgerald and
               Constance L. Heitmeyer and
               Stefania Gnesi and
               Anna Philippou},
  title     = {Upper and Lower Amortized Cost Bounds of Programs Expressed as Cost
               Relations},
  booktitle = {{FM} 2016: Formal Methods - 21st International Symposium, Limassol,
               Cyprus, November 9-11, 2016, Proceedings},
  series    = {Lecture Notes in Computer Science},
  volume    = {9995},
  pages     = {254--273},
  year      = {2016},
  url       = {https://doi.org/10.1007/978-3-319-48989-6\_16},
  doi       = {10.1007/978-3-319-48989-6\_16},
  timestamp = {Tue, 14 May 2019 10:00:46 +0200},
  biburl    = {https://dblp.org/rec/conf/fm/Flores-Montoya16.bib},
  bibsource = {dblp computer science bibliography, https://dblp.org}
}

@inproceedings{Flores-MontoyaH14,
  author    = {Antonio Flores{-}Montoya and
               Reiner H{\"{a}}hnle},
  editor    = {Jacques Garrigue},
  title     = {Resource Analysis of Complex Programs with Cost Equations},
  booktitle = {Programming Languages and Systems - 12th Asian Symposium, {APLAS}
               2014, Singapore, November 17-19, 2014, Proceedings},
  series    = {Lecture Notes in Computer Science},
  volume    = {8858},
  pages     = {275--295},
  publisher = {Springer},
  year      = {2014},
  url       = {https://doi.org/10.1007/978-3-319-12736-1\_15},
  doi       = {10.1007/978-3-319-12736-1\_15},
  timestamp = {Tue, 14 May 2019 10:00:41 +0200},
  biburl    = {https://dblp.org/rec/conf/aplas/Flores-MontoyaH14.bib},
  bibsource = {dblp computer science bibliography, https://dblp.org}
}

@phdthesis{Montoya17,
  author    = {Antonio Flores{-}Montoya},
  title     = {Cost Analysis of Programs Based on the Refinement of Cost Relations},
  school    = {Darmstadt University of Technology, Germany},
  year      = {2017},
  url       = {http://tuprints.ulb.tu-darmstadt.de/6746/},
  urn       = {urn:nbn:de:tuda-tuprints-67465},
  timestamp = {Sat, 17 Jul 2021 09:03:08 +0200},
  biburl    = {https://dblp.org/rec/phd/dnb/Montoya17.bib},
  bibsource = {dblp computer science bibliography, https://dblp.org}
}

@article{CyphertBKR19,
  author    = {John Cyphert and
               Jason Breck and
               Zachary Kincaid and
               Thomas W. Reps},
  title     = {Refinement of path expressions for static analysis},
  journal   = {Proc. {ACM} Program. Lang.},
  volume    = {3},
  number    = {{POPL}},
  pages     = {45:1--45:29},
  year      = {2019},
  url       = {https://doi.org/10.1145/3290358},
  doi       = {10.1145/3290358},
  timestamp = {Wed, 17 Feb 2021 08:54:02 +0100},
  biburl    = {https://dblp.org/rec/journals/pacmpl/CyphertBKR19.bib},
  bibsource = {dblp computer science bibliography, https://dblp.org}
}


@inproceedings{BrockschmidtEFFG14,
  author    = {Marc Brockschmidt and
               Fabian Emmes and
               Stephan Falke and
               Carsten Fuhs and
               J{\"{u}}rgen Giesl},
  editor    = {Erika {\'{A}}brah{\'{a}}m and
               Klaus Havelund},
  title     = {Alternating Runtime and Size Complexity Analysis of Integer Programs},
  booktitle = {Tools and Algorithms for the Construction and Analysis of Systems
               - 20th International Conference, {TACAS} 2014, Held as Part of the
               European Joint Conferences on Theory and Practice of Software, {ETAPS}
               2014, Grenoble, France, April 5-13, 2014. Proceedings},
  series    = {Lecture Notes in Computer Science},
  volume    = {8413},
  pages     = {140--155},
  publisher = {Springer},
  year      = {2014},
  url       = {https://doi.org/10.1007/978-3-642-54862-8\_10},
  doi       = {10.1007/978-3-642-54862-8\_10},
  timestamp = {Sat, 05 Sep 2020 18:01:53 +0200},
  biburl    = {https://dblp.org/rec/conf/tacas/BrockschmidtEFFG14.bib},
  bibsource = {dblp computer science bibliography, https://dblp.org}
}

@inproceedings{FalkeKS12,
  author    = {Stephan Falke and
               Deepak Kapur and
               Carsten Sinz},
  editor    = {Rajeev Joshi and
               Peter M{\"{u}}ller and
               Andreas Podelski},
  title     = {Termination Analysis of Imperative Programs Using Bitvector Arithmetic},
  booktitle = {Verified Software: Theories, Tools, Experiments - 4th International
               Conference, {VSTTE} 2012, Philadelphia, PA, USA, January 28-29, 2012.
               Proceedings},
  series    = {Lecture Notes in Computer Science},
  volume    = {7152},
  pages     = {261--277},
  publisher = {Springer},
  year      = {2012},
  url       = {https://doi.org/10.1007/978-3-642-27705-4\_21},
  doi       = {10.1007/978-3-642-27705-4\_21},
  timestamp = {Tue, 14 May 2019 10:00:49 +0200},
  biburl    = {https://dblp.org/rec/conf/vstte/FalkeKS12.bib},
  bibsource = {dblp computer science bibliography, https://dblp.org}
}


@inproceedings{FalkeKS11,
  author    = {Stephan Falke and
               Deepak Kapur and
               Carsten Sinz},
  editor    = {Manfred Schmidt{-}Schau{\ss}},
  title     = {Termination Analysis of {C} Programs Using Compiler Intermediate Languages},
  booktitle = {Proceedings of the 22nd International Conference on Rewriting Techniques
               and Applications, {RTA} 2011, May 30 - June 1, 2011, Novi Sad, Serbia},
  series    = {LIPIcs},
  volume    = {10},
  pages     = {41--50},
  publisher = {Schloss Dagstuhl - Leibniz-Zentrum f{\"{u}}r Informatik},
  year      = {2011},
  url       = {https://doi.org/10.4230/LIPIcs.RTA.2011.41},
  doi       = {10.4230/LIPIcs.RTA.2011.41},
  timestamp = {Tue, 11 Feb 2020 15:52:14 +0100},
  biburl    = {https://dblp.org/rec/conf/rta/FalkeKS11.bib},
  bibsource = {dblp computer science bibliography, https://dblp.org}
}


@inproceedings{BreckCKR20,
  author    = {Jason Breck and
               John Cyphert and
               Zachary Kincaid and
               Thomas W. Reps},
  editor    = {Alastair F. Donaldson and
               Emina Torlak},
  title     = {Templates and recurrences: better together},
  booktitle = {Proceedings of the 41st {ACM} {SIGPLAN} International Conference on
               Programming Language Design and Implementation, {PLDI} 2020, London,
               UK, June 15-20, 2020},
  pages     = {688--702},
  publisher = {{ACM}},
  year      = {2020},
  url       = {https://doi.org/10.1145/3385412.3386035},
  doi       = {10.1145/3385412.3386035},
  timestamp = {Tue, 09 Jun 2020 13:52:54 +0200},
  biburl    = {https://dblp.org/rec/conf/pldi/BreckCKR20.bib},
  bibsource = {dblp computer science bibliography, https://dblp.org}
}


@article{KincaidCBR18,
  author    = {Zachary Kincaid and
               John Cyphert and
               Jason Breck and
               Thomas W. Reps},
  title     = {Non-linear reasoning for invariant synthesis},
  journal   = {Proc. {ACM} Program. Lang.},
  volume    = {2},
  number    = {{POPL}},
  pages     = {54:1--54:33},
  year      = {2018},
  url       = {https://doi.org/10.1145/3158142},
  doi       = {10.1145/3158142},
  timestamp = {Wed, 17 Feb 2021 08:54:12 +0100},
  biburl    = {https://dblp.org/rec/journals/pacmpl/KincaidCBR18.bib},
  bibsource = {dblp computer science bibliography, https://dblp.org}
}