%%%%%%%%%%%%%%%% Introduction used, the security analysis
@inproceedings{Malacaria07,
  author    = {Pasquale Malacaria},
  editor    = {Martin Hofmann and
               Matthias Felleisen},
  title     = {Assessing security threats of looping constructs},
  booktitle = {Proceedings of the 34th {ACM} {SIGPLAN-SIGACT} Symposium on Principles
               of Programming Languages, {POPL} 2007, Nice, France, January 17-19,
               2007},
  pages     = {225--235},
  publisher = {{ACM}},
  year      = {2007},
  url       = {https://doi.org/10.1145/1190216.1190251},
  doi       = {10.1145/1190216.1190251},
  timestamp = {Fri, 25 Jun 2021 14:48:54 +0200},
  biburl    = {https://dblp.org/rec/conf/popl/Malacaria07.bib},
  bibsource = {dblp computer science bibliography, https://dblp.org}
}

%%%%%%%%%%%%%%%%%%%%%%%%%%%%%%%%%%%%%%%%%%%%%%%%%%%%%% Semantics and Program Model %%%%%%%%%%%%%%%%%%%%%%%%%%%%%%%%%%%%%%%%%%%%
@inproceedings{Cousot19a,
author    = {Patrick Cousot},
editor    = {Bor{-}Yuh Evan Chang},
title     = {Abstract Semantic Dependency},
booktitle = {Static Analysis - 26th International Symposium, {SAS} 2019, Porto,
             Portugal, October 8-11, 2019, Proceedings},
series    = {Lecture Notes in Computer Science},
volume    = {11822},
pages     = {389--410},
publisher = {Springer},
year      = {2019},
url       = {https://doi.org/10.1007/978-3-030-32304-2\_19},
doi       = {10.1007/978-3-030-32304-2\_19},
timestamp = {Mon, 07 Oct 2019 12:38:12 +0200},
biburl    = {https://dblp.org/rec/conf/sas/Cousot19a.bib},
bibsource = {dblp computer science bibliography, https://dblp.org}
}

@inproceedings{Cousot19,
  author    = {Patrick Cousot},
  editor    = {Bor{-}Yuh Evan Chang},
  title     = {Syntactic and Semantic Soundness of Structural Dataflow Analysis},
  booktitle = {Static Analysis - 26th International Symposium, {SAS} 2019, Porto,
               Portugal, October 8-11, 2019, Proceedings},
  series    = {Lecture Notes in Computer Science},
  volume    = {11822},
  pages     = {96--117},
  publisher = {Springer},
  year      = {2019},
  url       = {https://doi.org/10.1007/978-3-030-32304-2\_6},
  doi       = {10.1007/978-3-030-32304-2\_6},
  timestamp = {Mon, 07 Oct 2019 12:38:12 +0200},
  biburl    = {https://dblp.org/rec/conf/sas/Cousot19.bib},
  bibsource = {dblp computer science bibliography, https://dblp.org}
}

%%%%%%%%%%%%%%%%%%%%%%%%%%%%%%%%%%%%%%%%%%%%%%%%%%%%%% Static  and Program Analysis %%%%%%%%%%%%%%%%%%%%%%%%%%%%%%%%%%%%%%%%%%%%

%%%%%%%%%%%%%%%%% Program Abstraction

@inproceedings{CousotH78,
  author    = {Patrick Cousot and
               Nicolas Halbwachs},
  editor    = {Alfred V. Aho and
               Stephen N. Zilles and
               Thomas G. Szymanski},
  title     = {Automatic Discovery of Linear Restraints Among Variables of a Program},
  booktitle = {Conference Record of the Fifth Annual {ACM} Symposium on Principles
               of Programming Languages, Tucson, Arizona, USA, January 1978},
  pages     = {84--96},
  publisher = {{ACM} Press},
  year      = {1978},
  url       = {https://doi.org/10.1145/512760.512770},
  doi       = {10.1145/512760.512770},
  timestamp = {Tue, 06 Nov 2018 11:07:43 +0100},
  biburl    = {https://dblp.org/rec/conf/popl/CousotH78.bib},
  bibsource = {dblp computer science bibliography, https://dblp.org}
}

@inproceedings{CousotC77,
  author    = {Patrick Cousot and
               Radhia Cousot},
  editor    = {Robert M. Graham and
               Michael A. Harrison and
               Ravi Sethi},
  title     = {Abstract Interpretation: {A} Unified Lattice Model for Static Analysis
               of Programs by Construction or Approximation of Fixpoints},
  booktitle = {Conference Record of the Fourth {ACM} Symposium on Principles of Programming
               Languages, Los Angeles, California, USA, January 1977},
  pages     = {238--252},
  publisher = {{ACM}},
  year      = {1977},
  url       = {https://doi.org/10.1145/512950.512973},
  doi       = {10.1145/512950.512973},
  timestamp = {Tue, 06 Nov 2018 11:07:42 +0100},
  biburl    = {https://dblp.org/rec/conf/popl/CousotC77.bib},
  bibsource = {dblp computer science bibliography, https://dblp.org}
}


@article{Mine06,
  author    = {Antoine Min{\'{e}}},
  title     = {The octagon abstract domain},
  journal   = {High. Order Symb. Comput.},
  volume    = {19},
  number    = {1},
  pages     = {31--100},
  year      = {2006},
  url       = {https://doi.org/10.1007/s10990-006-8609-1},
  doi       = {10.1007/s10990-006-8609-1},
  timestamp = {Thu, 05 Mar 2020 12:04:59 +0100},
  biburl    = {https://dblp.org/rec/journals/lisp/Mine06.bib},
  bibsource = {dblp computer science bibliography, https://dblp.org}
}


%%%%%%%%%%%%%%%%% Type Based Cost Analysis

@inproceedings{JostHLH10,
  author    = {Steffen Jost and
               Kevin Hammond and
               Hans{-}Wolfgang Loidl and
               Martin Hofmann},
  editor    = {Manuel V. Hermenegildo and
               Jens Palsberg},
  title     = {Static determination of quantitative resource usage for higher-order
               programs},
  booktitle = {Proceedings of the 37th {ACM} {SIGPLAN-SIGACT} Symposium on Principles
               of Programming Languages, {POPL} 2010, Madrid, Spain, January 17-23,
               2010},
  pages     = {223--236},
  publisher = {{ACM}},
  year      = {2010},
  url       = {https://doi.org/10.1145/1706299.1706327},
  doi       = {10.1145/1706299.1706327},
  timestamp = {Tue, 22 Jun 2021 17:10:57 +0200},
  biburl    = {https://dblp.org/rec/conf/popl/JostHLH10.bib},
  bibsource = {dblp computer science bibliography, https://dblp.org}
}

@inproceedings{CraryW00,
  author    = {Karl Crary and
               Stephanie Weirich},
  editor    = {Mark N. Wegman and
               Thomas W. Reps},
  title     = {Resource Bound Certification},
  booktitle = {{POPL} 2000, Proceedings of the 27th {ACM} {SIGPLAN-SIGACT} Symposium
               on Principles of Programming Languages, Boston, Massachusetts, USA,
               January 19-21, 2000},
  pages     = {184--198},
  publisher = {{ACM}},
  year      = {2000},
  url       = {https://doi.org/10.1145/325694.325716},
  doi       = {10.1145/325694.325716},
  timestamp = {Tue, 06 Nov 2018 11:07:43 +0100},
  biburl    = {https://dblp.org/rec/conf/popl/CraryW00.bib},
  bibsource = {dblp computer science bibliography, https://dblp.org}
}


%% Abstract Interpretation:
@inproceedings{GustafssonEL05,
  author    = {Jan Gustafsson and
               Andreas Ermedahl and
               Bj{\"{o}}rn Lisper},
  title     = {Towards a Flow Analysis for Embedded System {C} Programs},
  booktitle = {10th {IEEE} International Workshop on Object-Oriented Real-Time Dependable
               Systems {(WORDS} 2005), 2-4 February 2005, Sedona, AZ, {USA}},
  pages     = {287--300},
  publisher = {{IEEE} Computer Society},
  year      = {2005},
  url       = {https://doi.org/10.1109/WORDS.2005.53},
  doi       = {10.1109/WORDS.2005.53},
  timestamp = {Wed, 16 Oct 2019 14:14:52 +0200},
  biburl    = {https://dblp.org/rec/conf/words/GustafssonEL05.bib},
  bibsource = {dblp computer science bibliography, https://dblp.org}
}

%Invariant Generation Through Ranking functions
@article{BrockschmidtEFFG16,
  author    = {Marc Brockschmidt and
               Fabian Emmes and
               Stephan Falke and
               Carsten Fuhs and
               J{\"{u}}rgen Giesl},
  title     = {Analyzing Runtime and Size Complexity of Integer Programs},
  journal   = {{ACM} Trans. Program. Lang. Syst.},
  volume    = {38},
  number    = {4},
  pages     = {13:1--13:50},
  year      = {2016},
  url       = {http://dl.acm.org/citation.cfm?id=2866575},
  timestamp = {Tue, 03 Jan 2017 13:49:06 +0100},
  biburl    = {https://dblp.org/rec/journals/toplas/BrockschmidtE0F16.bib},
  bibsource = {dblp computer science bibliography, https://dblp.org}
}

@inproceedings{AlbertAGP08,
  author    = {Elvira Albert and
               Puri Arenas and
               Samir Genaim and
               Germ{\'{a}}n Puebla},
  editor    = {Mar{\'{\i}}a Alpuente and
               Germ{\'{a}}n Vidal},
  title     = {Automatic Inference of Upper Bounds for Recurrence Relations in Cost
               Analysis},
  booktitle = {Static Analysis, 15th International Symposium, {SAS} 2008, Valencia,
               Spain, July 16-18, 2008. Proceedings},
  series    = {Lecture Notes in Computer Science},
  volume    = {5079},
  pages     = {221--237},
  publisher = {Springer},
  year      = {2008},
  url       = {https://doi.org/10.1007/978-3-540-69166-2\_15},
  doi       = {10.1007/978-3-540-69166-2\_15},
  timestamp = {Mon, 03 Jan 2022 22:21:24 +0100},
  biburl    = {https://dblp.org/rec/conf/sas/AlbertAGP08.bib},
  bibsource = {dblp computer science bibliography, https://dblp.org}
}

@inproceedings{ManoliosV06,
  author    = {Panagiotis Manolios and
               Daron Vroon},
  editor    = {Thomas Ball and
               Robert B. Jones},
  title     = {Termination Analysis with Calling Context Graphs},
  booktitle = {Computer Aided Verification, 18th International Conference, {CAV}
               2006, Seattle, WA, USA, August 17-20, 2006, Proceedings},
  series    = {Lecture Notes in Computer Science},
  volume    = {4144},
  pages     = {401--414},
  publisher = {Springer},
  year      = {2006},
  url       = {https://doi.org/10.1007/11817963\_36},
  doi       = {10.1007/11817963\_36},
  timestamp = {Tue, 23 Jun 2020 17:42:40 +0200},
  biburl    = {https://dblp.org/rec/conf/cav/ManoliosV06.bib},
  bibsource = {dblp computer science bibliography, https://dblp.org}
}

@inproceedings{AliasDFG10,
  author    = {Christophe Alias and
               Alain Darte and
               Paul Feautrier and
               Laure Gonnord},
  editor    = {Radhia Cousot and
               Matthieu Martel},
  title     = {Multi-dimensional Rankings, Program Termination, and Complexity Bounds
               of Flowchart Programs},
  booktitle = {Static Analysis - 17th International Symposium, {SAS} 2010, Perpignan,
               France, September 14-16, 2010. Proceedings},
  series    = {Lecture Notes in Computer Science},
  volume    = {6337},
  pages     = {117--133},
  publisher = {Springer},
  year      = {2010},
  url       = {https://doi.org/10.1007/978-3-642-15769-1\_8},
  doi       = {10.1007/978-3-642-15769-1\_8},
  timestamp = {Tue, 14 May 2019 10:00:52 +0200},
  biburl    = {https://dblp.org/rec/conf/sas/AliasDFG10.bib},
  bibsource = {dblp computer science bibliography, https://dblp.org}
}

%% Used Both For Related Works, Backgrounds and Technique and Evaluation.
@inproceedings{GulwaniZ10,
  author    = {Sumit Gulwani and
               Florian Zuleger},
  editor    = {Benjamin G. Zorn and
               Alexander Aiken},
  title     = {The reachability-bound problem},
  booktitle = {Proceedings of the 2010 {ACM} {SIGPLAN} Conference on Programming
               Language Design and Implementation, {PLDI} 2010, Toronto, Ontario,
               Canada, June 5-10, 2010},
  pages     = {292--304},
  publisher = {{ACM}},
  year      = {2010},
  url       = {https://doi.org/10.1145/1806596.1806630},
  doi       = {10.1145/1806596.1806630},
  timestamp = {Sun, 02 Oct 2022 16:13:43 +0200},
  biburl    = {https://dblp.org/rec/conf/pldi/GulwaniZ10.bib},
  bibsource = {dblp computer science bibliography, https://dblp.org}
}


@article{SinnZV17,
  author    = {Moritz Sinn and
               Florian Zuleger and
               Helmut Veith},
  title     = {Complexity and Resource Bound Analysis of Imperative Programs Using
               Difference Constraints},
  journal   = {J. Autom. Reason.},
  volume    = {59},
  number    = {1},
  pages     = {3--45},
  year      = {2017},
  url       = {https://doi.org/10.1007/s10817-016-9402-4},
  doi       = {10.1007/s10817-016-9402-4},
  timestamp = {Sun, 02 Oct 2022 15:40:06 +0200},
  biburl    = {https://dblp.org/rec/journals/jar/SinnZV17.bib},
  bibsource = {dblp computer science bibliography, https://dblp.org}
}

@inproceedings{GulwaniJK09,
  author    = {Sumit Gulwani and
               Sagar Jain and
               Eric Koskinen},
  editor    = {Michael Hind and
               Amer Diwan},
  title     = {Control-flow refinement and progress invariants for bound analysis},
  booktitle = {Proceedings of the 2009 {ACM} {SIGPLAN} Conference on Programming
               Language Design and Implementation, {PLDI} 2009, Dublin, Ireland,
               June 15-21, 2009},
  pages     = {375--385},
  publisher = {{ACM}},
  year      = {2009},
  url       = {https://doi.org/10.1145/1542476.1542518},
  doi       = {10.1145/1542476.1542518},
  timestamp = {Fri, 25 Jun 2021 14:48:54 +0200},
  biburl    = {https://dblp.org/rec/conf/pldi/GulwaniJK09.bib},
  bibsource = {dblp computer science bibliography, https://dblp.org}
}
@inproceedings{SinnZV14,
  author    = {Moritz Sinn and
               Florian Zuleger and
               Helmut Veith},
  editor    = {Armin Biere and
               Roderick Bloem},
  title     = {A Simple and Scalable Static Analysis for Bound Analysis and Amortized
               Complexity Analysis},
  booktitle = {Computer Aided Verification - 26th International Conference, {CAV}
               2014, Held as Part of the Vienna Summer of Logic, {VSL} 2014, Vienna,
               Austria, July 18-22, 2014. Proceedings},
  series    = {Lecture Notes in Computer Science},
  volume    = {8559},
  pages     = {745--761},
  publisher = {Springer},
  year      = {2014},
  url       = {https://doi.org/10.1007/978-3-319-08867-9\_50},
  doi       = {10.1007/978-3-319-08867-9\_50},
  timestamp = {Mon, 03 Jan 2022 22:13:44 +0100},
  biburl    = {https://dblp.org/rec/conf/cav/SinnZV14.bib},
  bibsource = {dblp computer science bibliography, https://dblp.org}
}

@inproceedings{ZulegerGSV11,
  author    = {Florian Zuleger and
               Sumit Gulwani and
               Moritz Sinn and
               Helmut Veith},
  editor    = {Eran Yahav},
  title     = {Bound Analysis of Imperative Programs with the Size-Change Abstraction},
  booktitle = {Static Analysis - 18th International Symposium, {SAS} 2011, Venice,
               Italy, September 14-16, 2011. Proceedings},
  series    = {Lecture Notes in Computer Science},
  volume    = {6887},
  pages     = {280--297},
  publisher = {Springer},
  year      = {2011},
  url       = {https://doi.org/10.1007/978-3-642-23702-7\_22},
  doi       = {10.1007/978-3-642-23702-7\_22},
  timestamp = {Tue, 14 May 2019 10:00:52 +0200},
  biburl    = {https://dblp.org/rec/conf/sas/ZulegerGSV11.bib},
  bibsource = {dblp computer science bibliography, https://dblp.org}
}



@inproceedings{GulwaniMC09,
  author    = {Sumit Gulwani and
               Krishna K. Mehra and
               Trishul M. Chilimbi},
  editor    = {Zhong Shao and
               Benjamin C. Pierce},
  title     = {{SPEED:} precise and efficient static estimation of program computational
               complexity},
  booktitle = {Proceedings of the 36th {ACM} {SIGPLAN-SIGACT} Symposium on Principles
               of Programming Languages, {POPL} 2009, Savannah, GA, USA, January
               21-23, 2009},
  pages     = {127--139},
  publisher = {{ACM}},
  year      = {2009},
  url       = {https://doi.org/10.1145/1480881.1480898},
  doi       = {10.1145/1480881.1480898},
  timestamp = {Fri, 25 Jun 2021 14:48:54 +0200},
  biburl    = {https://dblp.org/rec/conf/popl/GulwaniMC09.bib},
  bibsource = {dblp computer science bibliography, https://dblp.org}
}

@inproceedings{LuCT21,
  author    = {Tianhan Lu and
               Bor{-}Yuh Evan Chang and
               Ashutosh Trivedi},
  editor    = {Cezara Dragoi and
               Suvam Mukherjee and
               Kedar S. Namjoshi},
  title     = {Selectively-Amortized Resource Bounding},
  booktitle = {Static Analysis - 28th International Symposium, {SAS} 2021, Chicago,
               IL, USA, October 17-19, 2021, Proceedings},
  series    = {Lecture Notes in Computer Science},
  volume    = {12913},
  pages     = {286--307},
  publisher = {Springer},
  year      = {2021},
  url       = {https://doi.org/10.1007/978-3-030-88806-0\_14},
  doi       = {10.1007/978-3-030-88806-0\_14},
  timestamp = {Mon, 18 Oct 2021 08:49:55 +0200},
  biburl    = {https://dblp.org/rec/conf/sas/LuCT21.bib},
  bibsource = {dblp computer science bibliography, https://dblp.org}
}

@article{KincaidBCR19,
  author    = {Zachary Kincaid and
               Jason Breck and
               John Cyphert and
               Thomas W. Reps},
  title     = {Closed forms for numerical loops},
  journal   = {Proc. {ACM} Program. Lang.},
  volume    = {3},
  number    = {{POPL}},
  pages     = {55:1--55:29},
  year      = {2019},
  url       = {https://doi.org/10.1145/3290368},
  doi       = {10.1145/3290368},
  timestamp = {Wed, 17 Feb 2021 08:54:11 +0100},
  biburl    = {https://dblp.org/rec/journals/pacmpl/KincaidBCR19.bib},
  bibsource = {dblp computer science bibliography, https://dblp.org}
}

@inproceedings{Flores-Montoya16,
  author    = {Antonio Flores{-}Montoya},
  editor    = {John S. Fitzgerald and
               Constance L. Heitmeyer and
               Stefania Gnesi and
               Anna Philippou},
  title     = {Upper and Lower Amortized Cost Bounds of Programs Expressed as Cost
               Relations},
  booktitle = {{FM} 2016: Formal Methods - 21st International Symposium, Limassol,
               Cyprus, November 9-11, 2016, Proceedings},
  series    = {Lecture Notes in Computer Science},
  volume    = {9995},
  pages     = {254--273},
  year      = {2016},
  url       = {https://doi.org/10.1007/978-3-319-48989-6\_16},
  doi       = {10.1007/978-3-319-48989-6\_16},
  timestamp = {Tue, 14 May 2019 10:00:46 +0200},
  biburl    = {https://dblp.org/rec/conf/fm/Flores-Montoya16.bib},
  bibsource = {dblp computer science bibliography, https://dblp.org}
}

@inproceedings{Flores-MontoyaH14,
  author    = {Antonio Flores{-}Montoya and
               Reiner H{\"{a}}hnle},
  editor    = {Jacques Garrigue},
  title     = {Resource Analysis of Complex Programs with Cost Equations},
  booktitle = {Programming Languages and Systems - 12th Asian Symposium, {APLAS}
               2014, Singapore, November 17-19, 2014, Proceedings},
  series    = {Lecture Notes in Computer Science},
  volume    = {8858},
  pages     = {275--295},
  publisher = {Springer},
  year      = {2014},
  url       = {https://doi.org/10.1007/978-3-319-12736-1\_15},
  doi       = {10.1007/978-3-319-12736-1\_15},
  timestamp = {Tue, 14 May 2019 10:00:41 +0200},
  biburl    = {https://dblp.org/rec/conf/aplas/Flores-MontoyaH14.bib},
  bibsource = {dblp computer science bibliography, https://dblp.org}
}

@phdthesis{Montoya17,
  author    = {Antonio Flores{-}Montoya},
  title     = {Cost Analysis of Programs Based on the Refinement of Cost Relations},
  school    = {Darmstadt University of Technology, Germany},
  year      = {2017},
  url       = {http://tuprints.ulb.tu-darmstadt.de/6746/},
  urn       = {urn:nbn:de:tuda-tuprints-67465},
  timestamp = {Sat, 17 Jul 2021 09:03:08 +0200},
  biburl    = {https://dblp.org/rec/phd/dnb/Montoya17.bib},
  bibsource = {dblp computer science bibliography, https://dblp.org}
}





@inproceedings{BrockschmidtEFFG14,
  author    = {Marc Brockschmidt and
               Fabian Emmes and
               Stephan Falke and
               Carsten Fuhs and
               J{\"{u}}rgen Giesl},
  editor    = {Erika {\'{A}}brah{\'{a}}m and
               Klaus Havelund},
  title     = {Alternating Runtime and Size Complexity Analysis of Integer Programs},
  booktitle = {Tools and Algorithms for the Construction and Analysis of Systems
               - 20th International Conference, {TACAS} 2014, Held as Part of the
               European Joint Conferences on Theory and Practice of Software, {ETAPS}
               2014, Grenoble, France, April 5-13, 2014. Proceedings},
  series    = {Lecture Notes in Computer Science},
  volume    = {8413},
  pages     = {140--155},
  publisher = {Springer},
  year      = {2014},
  url       = {https://doi.org/10.1007/978-3-642-54862-8\_10},
  doi       = {10.1007/978-3-642-54862-8\_10},
  timestamp = {Sat, 05 Sep 2020 18:01:53 +0200},
  biburl    = {https://dblp.org/rec/conf/tacas/BrockschmidtEFFG14.bib},
  bibsource = {dblp computer science bibliography, https://dblp.org}
}

@inproceedings{FalkeKS12,
  author    = {Stephan Falke and
               Deepak Kapur and
               Carsten Sinz},
  editor    = {Rajeev Joshi and
               Peter M{\"{u}}ller and
               Andreas Podelski},
  title     = {Termination Analysis of Imperative Programs Using Bitvector Arithmetic},
  booktitle = {Verified Software: Theories, Tools, Experiments - 4th International
               Conference, {VSTTE} 2012, Philadelphia, PA, USA, January 28-29, 2012.
               Proceedings},
  series    = {Lecture Notes in Computer Science},
  volume    = {7152},
  pages     = {261--277},
  publisher = {Springer},
  year      = {2012},
  url       = {https://doi.org/10.1007/978-3-642-27705-4\_21},
  doi       = {10.1007/978-3-642-27705-4\_21},
  timestamp = {Tue, 14 May 2019 10:00:49 +0200},
  biburl    = {https://dblp.org/rec/conf/vstte/FalkeKS12.bib},
  bibsource = {dblp computer science bibliography, https://dblp.org}
}


@inproceedings{FalkeKS11,
  author    = {Stephan Falke and
               Deepak Kapur and
               Carsten Sinz},
  editor    = {Manfred Schmidt{-}Schau{\ss}},
  title     = {Termination Analysis of {C} Programs Using Compiler Intermediate Languages},
  booktitle = {Proceedings of the 22nd International Conference on Rewriting Techniques
               and Applications, {RTA} 2011, May 30 - June 1, 2011, Novi Sad, Serbia},
  series    = {LIPIcs},
  volume    = {10},
  pages     = {41--50},
  publisher = {Schloss Dagstuhl - Leibniz-Zentrum f{\"{u}}r Informatik},
  year      = {2011},
  url       = {https://doi.org/10.4230/LIPIcs.RTA.2011.41},
  doi       = {10.4230/LIPIcs.RTA.2011.41},
  timestamp = {Tue, 11 Feb 2020 15:52:14 +0100},
  biburl    = {https://dblp.org/rec/conf/rta/FalkeKS11.bib},
  bibsource = {dblp computer science bibliography, https://dblp.org}
}


@inproceedings{BreckCKR20,
  author    = {Jason Breck and
               John Cyphert and
               Zachary Kincaid and
               Thomas W. Reps},
  editor    = {Alastair F. Donaldson and
               Emina Torlak},
  title     = {Templates and recurrences: better together},
  booktitle = {Proceedings of the 41st {ACM} {SIGPLAN} International Conference on
               Programming Language Design and Implementation, {PLDI} 2020, London,
               UK, June 15-20, 2020},
  pages     = {688--702},
  publisher = {{ACM}},
  year      = {2020},
  url       = {https://doi.org/10.1145/3385412.3386035},
  doi       = {10.1145/3385412.3386035},
  timestamp = {Tue, 09 Jun 2020 13:52:54 +0200},
  biburl    = {https://dblp.org/rec/conf/pldi/BreckCKR20.bib},
  bibsource = {dblp computer science bibliography, https://dblp.org}
}


@article{KincaidCBR18,
  author    = {Zachary Kincaid and
               John Cyphert and
               Jason Breck and
               Thomas W. Reps},
  title     = {Non-linear reasoning for invariant synthesis},
  journal   = {Proc. {ACM} Program. Lang.},
  volume    = {2},
  number    = {{POPL}},
  pages     = {54:1--54:33},
  year      = {2018},
  url       = {https://doi.org/10.1145/3158142},
  doi       = {10.1145/3158142},
  timestamp = {Wed, 17 Feb 2021 08:54:12 +0100},
  biburl    = {https://dblp.org/rec/journals/pacmpl/KincaidCBR18.bib},
  bibsource = {dblp computer science bibliography, https://dblp.org}
}

%%%%%%%%%%%%%%%%%%%%%%%%%%%%%%%%%%%%%%%%%%%%%% Type System Based %%%%%%%%%%%%%%%%%%%%%%%%%%%%%%%%%%%%%%%

@inproceedings{CicekBG0H17,
  author    = {Ezgi {\c{C}}i{\c{c}}ek and
               Gilles Barthe and
               Marco Gaboardi and
               Deepak Garg and
               Jan Hoffmann},
  editor    = {Giuseppe Castagna and
               Andrew D. Gordon},
  title     = {Relational cost analysis},
  booktitle = {Proceedings of the 44th {ACM} {SIGPLAN} Symposium on Principles of
               Programming Languages, {POPL} 2017, Paris, France, January 18-20,
               2017},
  pages     = {316--329},
  publisher = {{ACM}},
  year      = {2017},
  url       = {https://doi.org/10.1145/3009837.3009858},
  doi       = {10.1145/3009837.3009858},
  timestamp = {Mon, 14 Feb 2022 09:20:26 +0100},
  biburl    = {https://dblp.org/rec/conf/popl/CicekBG0H17.bib},
  bibsource = {dblp computer science bibliography, https://dblp.org}
}

@article{RadicekBG0Z18,
  author    = {Ivan Radicek and
               Gilles Barthe and
               Marco Gaboardi and
               Deepak Garg and
               Florian Zuleger},
  title     = {Monadic refinements for relational cost analysis},
  journal   = {Proc. {ACM} Program. Lang.},
  volume    = {2},
  number    = {{POPL}},
  pages     = {36:1--36:32},
  year      = {2018},
  url       = {https://doi.org/10.1145/3158124},
  doi       = {10.1145/3158124},
  timestamp = {Sun, 02 Oct 2022 15:26:02 +0200},
  biburl    = {https://dblp.org/rec/journals/pacmpl/RadicekBG0Z18.bib},
  bibsource = {dblp computer science bibliography, https://dblp.org}
}

@article{QuG019,
  author    = {Weihao Qu and
               Marco Gaboardi and
               Deepak Garg},
  title     = {Relational cost analysis for functional-imperative programs},
  journal   = {Proc. {ACM} Program. Lang.},
  volume    = {3},
  number    = {{ICFP}},
  pages     = {92:1--92:29},
  year      = {2019},
  url       = {https://doi.org/10.1145/3341696},
  doi       = {10.1145/3341696},
  timestamp = {Wed, 17 Feb 2021 08:54:09 +0100},
  biburl    = {https://dblp.org/rec/journals/pacmpl/QuG019.bib},
  bibsource = {dblp computer science bibliography, https://dblp.org}
}


@article{CytronFRWZ91,
  author    = {Ron Cytron and
               Jeanne Ferrante and
               Barry K. Rosen and
               Mark N. Wegman and
               F. Kenneth Zadeck},
  title     = {Efficiently Computing Static Single Assignment Form and the Control
               Dependence Graph},
  journal   = {{ACM} Trans. Program. Lang. Syst.},
  volume    = {13},
  number    = {4},
  pages     = {451--490},
  year      = {1991},
  url       = {https://doi.org/10.1145/115372.115320},
  doi       = {10.1145/115372.115320},
  timestamp = {Wed, 14 Nov 2018 10:30:40 +0100},
  biburl    = {https://dblp.org/rec/journals/toplas/CytronFRWZ91.bib},
  bibsource = {dblp computer science bibliography, https://dblp.org}
}

% Reachability Bound Analysis:
%% Hoare Logic and type system
@inproceedings{CarbonneauxHS15,
  author    = {Quentin Carbonneaux and
               Jan Hoffmann and
               Zhong Shao},
  editor    = {David Grove and
               Stephen M. Blackburn},
  title     = {Compositional certified resource bounds},
  booktitle = {Proceedings of the 36th {ACM} {SIGPLAN} Conference on Programming
               Language Design and Implementation, Portland, OR, USA, June 15-17,
               2015},
  pages     = {467--478},
  publisher = {{ACM}},
  year      = {2015},
  url       = {https://doi.org/10.1145/2737924.2737955},
  doi       = {10.1145/2737924.2737955},
  timestamp = {Thu, 14 Oct 2021 09:58:34 +0200},
  biburl    = {https://dblp.org/rec/conf/pldi/Carbonneaux0S15.bib},
  bibsource = {dblp computer science bibliography, https://dblp.org}
}


@article{RajaniG0021,
  author    = {Vineet Rajani and
               Marco Gaboardi and
               Deepak Garg and
               Jan Hoffmann},
  title     = {A unifying type-theory for higher-order (amortized) cost analysis},
  journal   = {Proc. {ACM} Program. Lang.},
  volume    = {5},
  number    = {{POPL}},
  pages     = {1--28},
  year      = {2021},
  url       = {https://doi.org/10.1145/3434308},
  doi       = {10.1145/3434308},
  timestamp = {Sat, 08 Jan 2022 02:21:39 +0100},
  biburl    = {https://dblp.org/rec/journals/pacmpl/RajaniG0021.bib},
  bibsource = {dblp computer science bibliography, https://dblp.org}
}

%%%%%%%%%%%%%%%%%% Ranking Function

@inproceedings{BradleyMS05,
  author    = {Aaron R. Bradley and
               Zohar Manna and
               Henny B. Sipma},
  editor    = {Kousha Etessami and
               Sriram K. Rajamani},
  title     = {Linear Ranking with Reachability},
  booktitle = {Computer Aided Verification, 17th International Conference, {CAV}
               2005, Edinburgh, Scotland, UK, July 6-10, 2005, Proceedings},
  series    = {Lecture Notes in Computer Science},
  volume    = {3576},
  pages     = {491--504},
  publisher = {Springer},
  year      = {2005},
  url       = {https://doi.org/10.1007/11513988\_48},
  doi       = {10.1007/11513988\_48},
  timestamp = {Tue, 14 May 2019 10:00:43 +0200},
  biburl    = {https://dblp.org/rec/conf/cav/BradleyMS05.bib},
  bibsource = {dblp computer science bibliography, https://dblp.org}
}

@inproceedings{CookSZ13,
  author    = {Byron Cook and
               Abigail See and
               Florian Zuleger},
  editor    = {Nir Piterman and
               Scott A. Smolka},
  title     = {Ramsey vs. Lexicographic Termination Proving},
  booktitle = {Tools and Algorithms for the Construction and Analysis of Systems
               - 19th International Conference, {TACAS} 2013, Held as Part of the
               European Joint Conferences on Theory and Practice of Software, {ETAPS}
               2013, Rome, Italy, March 16-24, 2013. Proceedings},
  series    = {Lecture Notes in Computer Science},
  volume    = {7795},
  pages     = {47--61},
  publisher = {Springer},
  year      = {2013},
  url       = {https://doi.org/10.1007/978-3-642-36742-7\_4},
  doi       = {10.1007/978-3-642-36742-7\_4},
  timestamp = {Tue, 14 May 2019 10:00:53 +0200},
  biburl    = {https://dblp.org/rec/conf/tacas/CookSZ13.bib},
  bibsource = {dblp computer science bibliography, https://dblp.org}
}

@inproceedings{Zuleger18,
  author    = {Florian Zuleger},
  editor    = {Andreas Podelski},
  title     = {Inductive Termination Proofs with Transition Invariants and Their
               Relationship to the Size-Change Abstraction},
  booktitle = {Static Analysis - 25th International Symposium, {SAS} 2018, Freiburg,
               Germany, August 29-31, 2018, Proceedings},
  series    = {Lecture Notes in Computer Science},
  volume    = {11002},
  pages     = {423--444},
  publisher = {Springer},
  year      = {2018},
  url       = {https://doi.org/10.1007/978-3-319-99725-4\_25},
  doi       = {10.1007/978-3-319-99725-4\_25},
  timestamp = {Tue, 14 May 2019 10:00:52 +0200},
  biburl    = {https://dblp.org/rec/conf/sas/Zuleger18.bib},
  bibsource = {dblp computer science bibliography, https://dblp.org}
}

%%%%%%%%%%%%%%%Path refinement

@inproceedings{SharmaDDA11,
  author    = {Rahul Sharma and
               Isil Dillig and
               Thomas Dillig and
               Alex Aiken},
  editor    = {Ganesh Gopalakrishnan and
               Shaz Qadeer},
  title     = {Simplifying Loop Invariant Generation Using Splitter Predicates},
  booktitle = {Computer Aided Verification - 23rd International Conference, {CAV}
               2011, Snowbird, UT, USA, July 14-20, 2011. Proceedings},
  series    = {Lecture Notes in Computer Science},
  volume    = {6806},
  pages     = {703--719},
  publisher = {Springer},
  year      = {2011},
  url       = {https://doi.org/10.1007/978-3-642-22110-1\_57},
  doi       = {10.1007/978-3-642-22110-1\_57},
  timestamp = {Tue, 14 May 2019 10:00:43 +0200},
  biburl    = {https://dblp.org/rec/conf/cav/SharmaDDA11.bib},
  bibsource = {dblp computer science bibliography, https://dblp.org}
}

@inproceedings{HumenbergerJK18,
  author    = {Andreas Humenberger and
               Maximilian Jaroschek and
               Laura Kov{\'{a}}cs},
  editor    = {Isil Dillig and
               Jens Palsberg},
  title     = {Invariant Generation for Multi-Path Loops with Polynomial Assignments},
  booktitle = {Verification, Model Checking, and Abstract Interpretation - 19th International
               Conference, {VMCAI} 2018, Los Angeles, CA, USA, January 7-9, 2018,
               Proceedings},
  series    = {Lecture Notes in Computer Science},
  volume    = {10747},
  pages     = {226--246},
  publisher = {Springer},
  year      = {2018},
  url       = {https://doi.org/10.1007/978-3-319-73721-8\_11},
  doi       = {10.1007/978-3-319-73721-8\_11},
  timestamp = {Tue, 14 May 2019 10:00:43 +0200},
  biburl    = {https://dblp.org/rec/conf/vmcai/HumenbergerJK18.bib},
  bibsource = {dblp computer science bibliography, https://dblp.org}
}

@article{CyphertBKR19,
  author    = {John Cyphert and
               Jason Breck and
               Zachary Kincaid and
               Thomas W. Reps},
  title     = {Refinement of path expressions for static analysis},
  journal   = {Proc. {ACM} Program. Lang.},
  volume    = {3},
  number    = {{POPL}},
  pages     = {45:1--45:29},
  year      = {2019},
  url       = {https://doi.org/10.1145/3290358},
  doi       = {10.1145/3290358},
  timestamp = {Wed, 17 Feb 2021 08:54:02 +0100},
  biburl    = {https://dblp.org/rec/journals/pacmpl/CyphertBKR19.bib},
  bibsource = {dblp computer science bibliography, https://dblp.org}
}


@inproceedings{BalakrishnanSIG09,
  author    = {Gogul Balakrishnan and
               Sriram Sankaranarayanan and
               Franjo Ivancic and
               Aarti Gupta},
  editor    = {Samarjit Chakraborty and
               Nicolas Halbwachs},
  title     = {Refining the control structure of loops using static analysis},
  booktitle = {Proceedings of the 9th {ACM} {\&} {IEEE} International conference
               on Embedded software, {EMSOFT} 2009, Grenoble, France, October 12-16,
               2009},
  pages     = {49--58},
  publisher = {{ACM}},
  year      = {2009},
  url       = {https://doi.org/10.1145/1629335.1629343},
  doi       = {10.1145/1629335.1629343},
  timestamp = {Fri, 06 Sep 2019 10:57:15 +0200},
  biburl    = {https://dblp.org/rec/conf/emsoft/BalakrishnanSIG09.bib},
  bibsource = {dblp computer science bibliography, https://dblp.org}
}


@inproceedings{PotechinP17,
  author    = {Aaron Potechin},
  editor    = {Ryan O'Donnell},
  title     = {A Note on Amortized Branching Program Complexity},
  booktitle = {32nd Computational Complexity Conference, {CCC} 2017, July 6-9, 2017,
               Riga, Latvia},
  series    = {LIPIcs},
  volume    = {79},
  pages     = {4:1--4:12},
  publisher = {Schloss Dagstuhl - Leibniz-Zentrum f{\"{u}}r Informatik},
  year      = {2017},
  url       = {https://doi.org/10.4230/LIPIcs.CCC.2017.4},
  doi       = {10.4230/LIPIcs.CCC.2017.4},
  timestamp = {Tue, 21 Jul 2020 19:04:52 +0200},
  biburl    = {https://dblp.org/rec/conf/coco/PotechinP17.bib},
  bibsource = {dblp computer science bibliography, https://dblp.org}
}

@inproceedings{Aubert23,
  author    = {Clément Aubert, Thomas Rubiano, Neea Rusch, Thomas Seiller},
  title     = {Distributing and Parallelizing Non-canonical Loops},
  booktitle = {Proceedings of the 50th {ACM} {SIGPLAN-SIGACT} Symposium on Principles of Programming Languages, {POPL} 2023, Boston, USA, January 15-21, 2010},
  publisher = {ACM},
  year      = {2023}
}


@inproceedings{BenchmarkLoopsChallenges,
url       = {https://forsyte.at/static/people/sinn/loopusJAR/index.html},
}

@inproceedings{BenchmarkIcra,
url       = {https://github.com/icra-team/icra},
}

@inproceedings{BenchmarkTianhan,
url       = {https://zenodo.org/record/5140586\#.Y5pBoC-B1QI},
}
@inproceedings{ToolCofloco,
url       = {https://github.com/aeflores/CoFloCo/tree/master/src},
}

@Article{Tarjan85,
  author =	"R. E. Tarjan",
  title =	"Amortized Computational Complexity",
  journal =	"SIAM Journal of Algebraic Discrete Methods",
  volume =	"6",
  pages =	"306--318",
  year = 	"1985",
}

@inproceedings{BenchmarkKoAt,
url       = {https://github.com/s-falke/kittel-koat/tree/master/examples},
}
@inproceedings{BenchmarkABC,
url       = {http://mtc.epfl.ch/software-tools/ABC/},
}
@inproceedings{BenchmarkC4B,
url       = {https://www.cs.yale.edu/homes/qcar/aaa/},
}
@inproceedings{BenchmarkLoopus,
url       = {https://forsyte.at/static/people/sinn/loopusJAR/index.html},
}

@inproceedings{BenchmarkRank,
url       = {http://icps.u-strasbg.fr/polylib/},
}

@inproceedings{BenchmarkSPEED,
url       = {https://github.com/},
}

@inproceedings{BenchmarkWTC,
url       = {https://github.com/},
}